<record><leader>00000cas a22000007a 4500</leader><controlfield tag="001">10797784</controlfield><controlfield tag="008">840601d18921900mtuwr ne      0    0eng d</controlfield><datafield ind1=" " ind2=" " tag="010"><subfield code="a">sn 84036078 </subfield></datafield><datafield ind1=" " ind2=" " tag="040"><subfield code="a">MTL</subfield><subfield code="b">eng</subfield><subfield code="c">MTL</subfield><subfield code="d">OCLCQ</subfield></datafield><datafield ind1=" " ind2=" " tag="042"><subfield code="a">msc</subfield></datafield><datafield ind1="0" ind2=" " tag="130"><subfield code="a">Great Falls news (Great Falls, Mont. : 1892)</subfield></datafield><datafield ind1="1" ind2="0" tag="245"><subfield code="a">Great Falls news.</subfield></datafield><datafield ind1=" " ind2=" " tag="260"><subfield code="a">Great Falls, Mont. :</subfield><subfield code="b">O.M. Holmes,</subfield><subfield code="c">1892-1900.</subfield></datafield><datafield ind1=" " ind2=" " tag="300"><subfield code="a">9 v. :</subfield><subfield code="b">ill. ;</subfield><subfield code="c">54 cm.</subfield></datafield><datafield ind1=" " ind2=" " tag="310"><subfield code="a">Weekly</subfield></datafield><datafield ind1="0" ind2=" " tag="362"><subfield code="a">Mar. 12, 1892-v. 9, no. 37 (Dec. 6, 1900).</subfield></datafield><datafield ind1=" " ind2=" " tag="515"><subfield code="a">Numbering begins with v. 1, no. 15 (June 18, 1892).</subfield></datafield><datafield ind1=" " ind2=" " tag="550"><subfield code="a">Official organ of: People's Party State Central Committee.</subfield></datafield><datafield ind1=" " ind2=" " tag="752"><subfield code="a">United States</subfield><subfield code="b">Montana</subfield><subfield code="c">Cascade</subfield><subfield code="d">Great Falls.</subfield></datafield></record>